@article{Blondin2003,
  author={John M. Blondin and Anthony Mezzacappa and Christine DeMarino},
  title={Stability of Standing Accretion Shocks, with an Eye Toward Core-Collapse Supernovae},
  journal={The Astrophysical Journal},
  year={2003},
  number={2},
  pages={971-980},
  month={February},
  day={20},
  volume={584}
}

@article{Darwis2017,
  author={Malina Darwis and Kamil Abdullah and Akmal Nizam Mohammed},
  title={Comparative Study of {Roe}, {RHLL} and {Rusanov} Fluxes for Shock-Capturing Schemes},
  journal={IOP Conference Series: Materials Science and Engineering},
  year={2017},
  number={1},
  pages={012007},
  volume={243}
}

@article{Foglizzo2007,
  author={Thierry Foglizzo and Pascal Galletti and Leonhard Scheck and Hans-Thomas Janka},
  title={Instability of a Stalled Accretion Shock: Eidence for the Advective-Acoustic Cycle},
  journal={The Astrophysical Journal},
  year={2007},
  number={2},
  pages={1006-1021},
  month={January},
  day={10},
  volume={654}
}

@article{Foglizzo2009,
  author={Thierry Foglizzo},
  title={A Simple Toy Model of the Advective-Acoustic Instability. {I. Perturbative} Approach},
  journal={The Astrophysical Journal},
  year={2009},
  number={2},
  pages={820-832},
  month={March},
  day={19},
  volume={694}
}

@article{Foglizzo2012,
  author  = {Thierry Foglizzo and Fr\'ed\'eric Masset and J\'er\^ome Guilet and Gilles Durand},
  title   = {Shallow Water Analogue of the Standing Accretion Shock Instability: Experimental Demonstration and a Two-Dimensional Model},
  journal = {Physical Review Letters},
  year    = 2012,
  issue  = 5,
  pages   = {051103},
  month   = {January},
  day       = 30,
  volume  = 108
}

@article{Kappeli2014,
  author  = {Roger K\"appeli and Siddhartha Mishra},
  title   = {Well-Balanced Schemes for the {Euler} Equations with Gravitation},
  journal = {Journal of Computational Physics},
  year    = 2014,
  pages   = {199-219},
  month   = {February},
  day       = 15,
  volume  = 259
}

@article{Sato2009,
  author  = {Jun'ichi Sato and Thierry Foglizzo and S\'ebastien Fromang},
  title   = {A Simple Toy Model of the Advective-Acoustic Instability. {II. Numerical} Simulations},
  journal = {The Astrophysical Journal},
  year    = 2009,
  number  = 2,
  pages   = {833-841},
  month   = {March},
  day       = 19,
  volume  = 694
}

@article{Sanders1998,
  author  = {Richard Sanders and Eric Morano and Marie-Claude Druguet},
  title   = {Multidimensional Dissipation for Upwind Schemes: Stability and Applications to Gas Dynamics},
  journal = {Journal of Computational Physics},
  year    = 1998,
  issue  = 2,
  pages   = {511-537},
  month   = {September},
  day       = 20,
  volume  = 145
}

@article{Godunov1959,
  author  = {Sergei K. Godunov},
  title   = {A~Difference Method for Numerical Calculation of Discontinuous Solutions of the Equations of Hydrodynamics},
  journal = {Matematicheskii Sbornik},
  year    = 1959,
  issue  = 3,
  pages   = {271-306},
  volume  = {47(89)}
}

@article{Roe1981,
  author  = {Philip L. Roe},
  title   = {Approximate {Riemann} Solvers, Parameter Vectors, and Difference Schemes},
  journal = {Journal of Computational Physics},
  year    = 1981,
  issue  = 2,
  pages   = {357-372},
  month   = {October},
  day       = 1,
  volume  = 43
}

@article{Toro1994,
  author  = {Eleuterio F. Toro and Michael Spruce and William Speares},
  title   = {Restoration of the Contact Surface in the {HLL-Riemann} Solver},
  journal = {Shock Waves},
  year    = 1993,
  issue  = 1,
  pages   = {25-34},
  month   = {July},
  day       = 1,
  volume  = 4
}

@article{Rusanov1961,
  author={Viktor V. Rusanov},
  title={The Calculation of the Interaction of Non-Stationary Shock Waves and Obstacles},
  journal={USSR Computational Mathematics and Mathematical Physics},
  year={1961},
  issue={2},
  pages={304-320},
  month={March},
  volume={1}
}

@inproceedings{Barth1989,
  title={The Design and Application of Upwind Schemes on Unstructured Meshes},
  author={Timothy J. Barth and Dennis C. Jespersen},
  booktitle={27th Aerospace sciences meeting},
  pages={366},
  year={1989},
  month={January}
}

@inproceedings{Michalak2008,
  title={Limiters for Unstructured Higher-Order Accurate Solutions of the {Euler} Equations},
  author={Michalak, Krzysztof and Ollivier-Gooch, Carl},
  booktitle={46th AIAA Aerospace Sciences Meeting and Exhibit},
  pages={776},
  year={2008},
  month={January}
}

@inproceedings{Venkatakrishnan1993,
  title={On the Accuracy of Limiters and Convergence to Steady State Solutions},
  author={Venkatakrishnan, Venkat},
  booktitle={31st Aerospace Sciences Meeting},
  pages={880},
  year={1993},
  month={January}
}

@article{Venkatakrishnan1995,
  title={Convergence to Steady State Solutions of the {Euler} Equations on Unstructured Grids with Limiters},
  author={Venkatakrishnan, Venkat},
  journal={Journal of Computational Physics},
  volume={118},
  number={1},
  pages={120-130},
  year={1995},
  month={April},
  publisher={Elsevier}
}

@phdthesis{Lallemand1990,
  title={Dissipative Properties of {Runge-Kutta} Schemes with Upwind Spatial Approximation for the {Euler} Equations},
  author={Lallemand, Marie-Helene},
  year={1990},
  month={January},
  school={{Rapport} de {Recherche} 1179, INRIA Sophia-Antipolis},
  address={Valbonne}
}

@mastersthesis{Macdonald2003,
  title={Constructing High-Order {Runge-Kutta} Methods with Embedded Strong-Stability-Preserving Pairs},
  author={Macdonald, Colin Barr},
  year={2003},
  month={August},
  school={Theses (Dept. of Mathematics), Simon Fraser University}
}

@article{Shu1988,
  title={Efficient Implementation of Essentially Non-Oscillatory Shock-Capturing Schemes},
  author={Shu, Chi-Wang and Osher, Stanley},
  journal={Journal of Computational Physics},
  volume={77},
  number={2},
  pages={439-471},
  year={1988},
  month={August},
  publisher={Elsevier}
}
